@article{kushwaha2022ethereum,
  title={Ethereum smart contract analysis tools: A systematic review},
  author={Kushwaha, Satpal Singh and Joshi, Sandeep and Singh, Dilbag and Kaur, Manjit and Lee, Heung-No},
  journal={Ieee Access},
  volume={10},
  pages={57037--57062},
  year={2022},
  publisher={IEEE}
}

@article{sharma2022survey,
  title={A survey of Mythril, a smart contract security analysis tool for EVM bytecode},
  author={Sharma, Nipun and Sharma, Swati},
  journal={Indian J Natural Sci},
  volume={13},
  number={75},
  pages={39--41},
  year={2022}
}

@inproceedings{feist2019slither,
  title={Slither: a static analysis framework for smart contracts},
  author={Feist, Josselin and Grieco, Gustavo and Groce, Alex},
  booktitle={2019 IEEE/ACM 2nd International Workshop on Emerging Trends in Software Engineering for Blockchain (WETSEB)},
  pages={8--15},
  year={2019},
  organization={IEEE}
}

@article{rameder2022review,
  title={Review of automated vulnerability analysis of smart contracts on ethereum},
  author={Rameder, Heidelinde and Di Angelo, Monika and Salzer, Gernot},
  journal={Frontiers in Blockchain},
  volume={5},
  pages={814977},
  year={2022},
  publisher={Frontiers Media SA}
}

@article{qian2022smart,
  title={Smart contract vulnerability detection technique: A survey},
  author={Qian, Peng and Liu, Zhenguang and He, Qinming and Huang, Butian and Tian, Duanzheng and Wang, Xun},
  journal={arXiv preprint arXiv:2209.05872},
  year={2022}
}

@article{vidal2024vulnerability,
  title={Vulnerability detection techniques for smart contracts: A systematic literature review},
  author={Vidal, Fernando Richter and Ivaki, Naghmeh and Laranjeiro, Nuno},
  journal={Journal of Systems and Software},
  pages={112160},
  year={2024},
  publisher={Elsevier}
}

@article{de2024vulnerability,
  title={Vulnerability Detection in Smart Contracts: A Comprehensive Survey},
  author={De Baets, Christopher and Suleiman, Basem and Chitizadeh, Armin and Razzak, Imran},
  journal={arXiv preprint arXiv:2407.07922},
  year={2024}
}

@article{li2023review,
 title={A Review of Approaches for Detecting Vulnerabilities in Smart Contracts within Web 3.0 Applications},
 author={Li, Hui and Dang, Ranran and Yao, Yao and Wang, Han},
 journal={Blockchains},
 volume={1},
 number={1},
 pages={3--18},
 year={2023},
 publisher={MDPI}
 }

@article{almakhour2020verification, title={Verification of smart contracts: A survey}, author={Almakhour, Mouhamad and Sliman, Layth and Samhat, Abed Ellatif and Mellouk, Abdelhamid}, journal={Pervasive and Mobile Computing}, volume={67}, pages={101227}, year={2020}, publisher={Elsevier} }

@ARTICLE{10833642, author={Ben Fekih, Rim and Lahami, Mariam and Bradai, Salma and Jmaiel, Mohamed}, journal={IEEE Access}, title={Formal Verification of ERC-Based Smart Contracts: A Systematic Literature Review}, year={2025}, volume={13}, number={}, pages={11396-11422}, keywords={Smart contracts;Standards;Formal verification;Nonfungible tokens;Systematic literature review;Codes;Peer-to-peer computing;Online banking;Interoperability;Decentralized applications;ERC standards;Ethereum;Ethereum improvement proposal;formal verification;smart contracts;systematic literature review}, doi={10.1109/ACCESS.2025.3527158}} 

@article{sun2020formal, title={A formal verification framework for security issues of blockchain smart contracts}, author={Sun, Tianyu and Yu, Wensheng}, journal={Electronics}, volume={9}, number={2}, pages={255}, year={2020}, publisher={MDPI} } 

@article{khan2024survey,
  title={A survey of vulnerability detection techniques by smart contract tools},
  author={Khan, Zulfiqar A and Namin, Akbar Siami},
  journal={IEEE Access},
  year={2024},
  publisher={IEEE}
}

@INPROCEEDINGS{9581164,
  author={Torres, Christof Ferreira and Iannillo, Antonio Ken and Gervais, Arthur and State, Radu},
  booktitle={2021 IEEE European Symposium on Security and Privacy (EuroS\&P)}, 
  title={ConFuzzius: A Data Dependency-Aware Hybrid Fuzzer for Smart Contracts}, 
  year={2021},
  volume={},
  number={},
  pages={103-119},
  keywords={Codes;Costing;Smart contracts;Computer bugs;Tools;Fuzzing;Programming;Ethereum;smart contracts;hybrid fuzzing;data dependency analysis;genetic algorithm;symbolic execution},
  doi={10.1109/EuroSP51992.2021.00018}}

@misc{mythril2018,
  author       = "{ConsenSys}",
  title        = "{Mythril}",
  year         = 2018,
  howpublished = "\url{https://github.com/ConsenSys/mythril}",
  note         = "Acessado em: 2025"
}

@article{praitheeshan2019security,
  title={Security analysis methods on ethereum smart contract vulnerabilities: a survey},
  author={Praitheeshan, Purathani and Pan, Lei and Yu, Jiangshan and Liu, Joseph and Doss, Robin},
  journal={arXiv preprint arXiv:1908.08605},
  year={2019}
}



@misc{palma_ufsc2022,
  author = {Palma, Lucas and Martina, Jean and Vigil, Martin},
  title = {On and Off: Extracting the Transaction History of Permissioned Blockchain Networks},
  howpublished = {Universidade Federal de Santa Catarina},
  note = {Computing Science PhD Candidate Dissertation},
  year = {2022}
}

@article{wood2014ethereum,
	title={Ethereum: A secure decentralised generalised transaction ledger},
	author={Wood, Gavin},
	journal={Ethereum project yellow paper},
	volume={151},
	pages={1--32},
	year={2014}
}

@book{harvey2021defi,
  title={DeFi and the Future of Finance},
  author={Harvey, Campbell R and Ramachandran, Ashwin and Santoro, Joey},
  year={2021},
  publisher={John Wiley \& Sons}
}

@article{egelund2017automated,
  title={Automated execution of financial contracts on blockchains},
  author={Egelund-M{\"u}ller, Benjamin and Elsman, Martin and Henglein, Fritz and Ross, Omri},
  journal={Business \& Information Systems Engineering},
  volume={59},
  pages={457--467},
  year={2017},
  publisher={Springer}
}

@misc{nethermind2025,
  author       = {Nethermind},
  title        = {Smart Contract Vulnerabilities and Mitigation Strategies},
  year         = {2025},
  url          = {https://www.nethermind.io/blog/smart-contract-vulnerabilities-and-mitigation-strategies},
  note         = {Accessed: 2025}
}

@article{kushwaha2022systematic,
  title={Systematic review of security vulnerabilities in ethereum blockchain smart contract},
  author={Kushwaha, Satpal Singh and Joshi, Sandeep and Singh, Dilbag and Kaur, Manjit and Lee, Heung-No},
  journal={Ieee Access},
  volume={10},
  pages={6605--6621},
  year={2022},
  publisher={IEEE}
}

@inproceedings{di2023consolidation,
  title={Consolidation of ground truth sets for weakness detection in smart contracts},
  author={Di Angelo, Monika and Salzer, Gernot},
  booktitle={International Conference on Financial Cryptography and Data Security},
  pages={439--455},
  year={2023},
  organization={Springer}
}

@misc{owasptop10,
  author       = {OWASP},
  title        = {OWASP Smart Contract Top 10 Project},
  year         = {2025},
  url          = {https://github.com/OWASP/www-project-smart-contract-top-10},
  note         = {Accessed: 2025}
}

@misc{owasporg,
  author       = {OWASP},
  title        = {Open Web Application Security Project (OWASP)},
  year         = {2025},
  url          = {https://owasp.org/},
  note         = {Accessed: 2025}
}

@article{zhou2022state,
  title={The state of ethereum smart contracts security: Vulnerabilities, countermeasures, and tool support},
  author={Zhou, Haozhe and Milani Fard, Amin and Makanju, Adetokunbo},
  journal={Journal of Cybersecurity and Privacy},
  volume={2},
  number={2},
  pages={358--378},
  year={2022},
  publisher={MDPI}
}

@article{parizi2018empirical,
  title={Empirical vulnerability analysis of automated smart contracts security testing on blockchains},
  author={Parizi, Reza M and Dehghantanha, Ali and Choo, Kim-Kwang Raymond and Singh, Amritraj},
  journal={arXiv preprint arXiv:1809.02702},
  year={2018}
}

@inproceedings{durieux2020empirical,
  title={Empirical review of automated analysis tools on 47,587 ethereum smart contracts},
  author={Durieux, Thomas and Ferreira, Jo{\~a}o F and Abreu, Rui and Cruz, Pedro},
  booktitle={Proceedings of the ACM/IEEE 42nd International conference on software engineering},
  pages={530--541},
  year={2020}
}

@article{buterin2013ethereum,
  title={Ethereum white paper},
  author={Buterin, Vitalik and others},
  journal={GitHub repository},
  volume={1},
  number={22-23},
  pages={5--7},
  year={2013}
}

@inproceedings{wohrer2018smart,
  title={Smart contracts: security patterns in the ethereum ecosystem and solidity},
  author={Wohrer, Maximilian and Zdun, Uwe},
  booktitle={2018 International Workshop on Blockchain Oriented Software Engineering (IWBOSE)},
  pages={2--8},
  year={2018},
  organization={IEEE}
}

@inproceedings{mense2018security,
  title={Security vulnerabilities in ethereum smart contracts},
  author={Mense, Alexander and Flatscher, Markus},
  booktitle={Proceedings of the 20th international conference on information integration and web-based applications \& services},
  pages={375--380},
  year={2018}
}

@article{ressi2024vulnerability,
  title={Vulnerability Detection in Ethereum Smart Contracts via Machine Learning: A Qualitative Analysis},
  author={Ressi, Dalila and Span{\`o}, Alvise and Benetollo, Lorenzo and Piazza, Carla and Bugliesi, Michele and Rossi, Sabina},
  journal={arXiv preprint arXiv:2407.18639},
  year={2024}
}

@incollection{Campos2024,
  author       = {Josu{\'e} N. Campos and Ronan D. Mendon{\c{c}}a and Alexandre Fontinele and Lu{\'i}s H. S. de Carvalho and Isdael R. Oliveira and {\'I}tallo W. F. Cardoso and Rafael Coelho and Allan E. S. Freitas and Glauber D. Gon{\c{c}}alves and Jos{\'e} A. M. Nacif and Alex B. Vieira},
  title        = {Finan{\c{c}}as Descentralizadas em Redes Blockchain: Perspectivas sobre Pesquisa e Inova{\c{c}}{\~a}o em Aplica{\c{c}}{\~o}es, Interoperabilidade e Seguran{\c{c}}a},
  booktitle    = {Jornada de Atualiza{\c{c}}{\~a}o em Inform{\'a}tica 2024},
  publisher    = {SBC},
  year         = {2024},
  month        = jul,
  edition      = {43nd},
  volume       = {44},
  series       = {Congresso da Sociedade Brasileira de Computa{\c{c}}{\~a}o},
  address      = {Porto Alegre},
  isbn         = {978-85-7669-597-4},
  pages        = {7--56},
  doi          = {10.5753/sbc.14597.4.1}
}

@inproceedings{mendonca2022nfts,
  author    = {Ronan D. Mendonça and Josué N. Campos and Luiz F. M. Vieira and Marcos A. M. Vieira and Alex Borges Vieira and José A. M. Nacif},
  title     = {Tokens Não Fungíveis (NFTs): Conceitos, Aplicações e Desafios},
  booktitle = {Minicursos do XL Simpósio Brasileiro de Redes de Computadores e Sistemas Distribuídos},
  location  = {Fortaleza, Ceará - Brazil},
  year      = {2022},
  pages     = {52-94},
  publisher = {SBC},
  address   = {Porto Alegre, RS, Brasil},
  doi       = {10.5753/sbc.10813.4.2},
  url       = {https://doi.org/10.5753/sbc.10813.4.2}
}

@article{brent2018vandal,
  title={Vandal: A scalable security analysis framework for smart contracts},
  author={Brent, Lexi and Jurisevic, Anton and Kong, Michael and Liu, Eric and Gauthier, Francois and Gramoli, Vincent and Holz, Ralph and Scholz, Bernhard},
  journal={arXiv preprint arXiv:1809.03981},
  year={2018}
}

@inproceedings{jiang2018contractfuzzer,
  title={Contractfuzzer: Fuzzing smart contracts for vulnerability detection},
  author={Jiang, Bo and Liu, Ye and Chan, Wing Kwong},
  booktitle={Proceedings of the 33rd ACM/IEEE international conference on automated software engineering},
  pages={259--269},
  year={2018}
}

@inproceedings{luu2016making,
  title={Making smart contracts smarter},
  author={Luu, Loi and Chu, Duc-Hiep and Olickel, Hrishi and Saxena, Prateek and Hobor, Aquinas},
  booktitle={Proceedings of the 2016 ACM SIGSAC conference on computer and communications security},
  pages={254--269},
  year={2016}
}